%!TEX root = ../hausarbeit.tex
%% This BibTeX bibliography file was created using BibDesk.
%% http://bibdesk.sourceforge.net/

%% Created for sandos at 2017-12-31 15:48:35 +0100


%% Saved with string encoding Unicode (UTF-8)



@misc{beispielbild,
	Author = {{Statistische Bundesamt; Gesundheitsberichterstattung des Bundes; www.gbe-bund.de}},
	Date-Added = {2017-12-31 14:34:09 +0000},
	Date-Modified = {2017-12-31 14:48:31 +0000},
	Howpublished = {Datenbl{\"a}tter vom 03.03.2015 * Darstellung und Berechnungen: Georg Fiedler, Universit{\"a}tsklinikum Hamburg-Eppendorf, 2015},
	Month = {03},
	Title = {Suizide in Deutschland 1980 - 2013},
	Year = {2015},
	Bdsk-File-1 = {YnBsaXN0MDDUAQIDBAUGJCVYJHZlcnNpb25YJG9iamVjdHNZJGFyY2hpdmVyVCR0b3ASAAGGoKgHCBMUFRYaIVUkbnVsbNMJCgsMDxJXTlMua2V5c1pOUy5vYmplY3RzViRjbGFzc6INDoACgAOiEBGABIAFgAdccmVsYXRpdmVQYXRoWWFsaWFzRGF0YV8QFS4uL3Jlcy9zdWl6aWRyYXRlLnBuZ9IXCxgZV05TLmRhdGFPEQG8AAAAAAG8AAIAAAZzeXN0ZW0AAAAAAAAAAAAAAAAAAAAAAAAAAAAAAAAAQkQAAf////8Oc3VpemlkcmF0ZS5wbmcAAAAAAAAAAAAAAAAAAAAAAAAAAAAAAAAAAAAAAAAAAAAAAAAAAAAAAAAAAAAAAAAA/////wAAAAAAAAAAAAAAAAABAAIAAAogY3UAAAAAAAAAAAAAAAAAA3JlcwAAAgBpLzpVc2VyczpzYW5kb3M6RG9jdW1lbnRzOlN0dWRpdW06U1c4MDAgLSBFaW5mdcyIaHJ1bmcgaW4gZGllIFNvemlhbGUgQXJiZWl0OkhhdXNhcmJlaXQ6cmVzOnN1aXppZHJhdGUucG5nAAAOAB4ADgBzAHUAaQB6AGkAZAByAGEAdABlAC4AcABuAGcADwAOAAYAcwB5AHMAdABlAG0AEgBnVXNlcnMvc2FuZG9zL0RvY3VtZW50cy9TdHVkaXVtL1NXODAwIC0gRWluZnXMiGhydW5nIGluIGRpZSBTb3ppYWxlIEFyYmVpdC9IYXVzYXJiZWl0L3Jlcy9zdWl6aWRyYXRlLnBuZwAAEwABLwAAFQACAA3//wAAgAbSGxwdHlokY2xhc3NuYW1lWCRjbGFzc2VzXU5TTXV0YWJsZURhdGGjHR8gVk5TRGF0YVhOU09iamVjdNIbHCIjXE5TRGljdGlvbmFyeaIiIF8QD05TS2V5ZWRBcmNoaXZlctEmJ1Ryb290gAEACAARABoAIwAtADIANwBAAEYATQBVAGAAZwBqAGwAbgBxAHMAdQB3AIQAjgCmAKsAswJzAnUCegKFAo4CnAKgAqcCsAK1AsICxQLXAtoC3wAAAAAAAAIBAAAAAAAAACgAAAAAAAAAAAAAAAAAAALh}}

@book{kreidenweis2012lehrbuch,
	Address = {Stuttgart},
	Author = {Kreidenweis, Helmut},
	Edition = {2. Aufl.},
	Publisher = {Nomos},
	Series = {UTB},
	Title = {Lehrbuch Sozialinformatik},
	Year = 2012}
